<?xml version="1.0" encoding="UTF-8"?><record xmlns="http://www.loc.gov/MARC21/slim" xmlns:cinclude="http://apache.org/cocoon/include/1.0" xmlns:zs="http://www.loc.gov/zing/srw/">
  <leader>00646cz  a2200169n  4500</leader>
  <controlfield tag="001">n 2001128223</controlfield>
  <controlfield tag="003">DLC</controlfield>
  <controlfield tag="005">20080603102615.0</controlfield>
  <controlfield tag="008">010601n| acannaabn          |a aaa      </controlfield>
  <datafield tag="010" ind1=" " ind2=" ">
    <subfield code="a">n 2001128223</subfield>
  </datafield>
  <datafield tag="035" ind1=" " ind2=" ">
    <subfield code="a">(DNLM)1140639</subfield>
  </datafield>
  <datafield tag="035" ind1=" " ind2=" ">
    <subfield code="a">(OCoLC)oca05502655</subfield>
  </datafield>
  <datafield tag="040" ind1=" " ind2=" ">
    <subfield code="a">DNLM</subfield>
    <subfield code="b">eng</subfield>
    <subfield code="c">DNLM</subfield>
    <subfield code="d">NjP</subfield>
  </datafield>
  <datafield tag="100" ind1="1" ind2=" ">
    <subfield code="a">Makushin, V. D.</subfield>
    <subfield code="q">(Vadim Dmitrievich)</subfield>
  </datafield>
  <datafield tag="400" ind1="1" ind2=" ">
    <subfield code="a">Makushin, Vadim Dmitrievich</subfield>
  </datafield>
  <datafield tag="670" ind1=" " ind2=" ">
    <subfield code="a">Shevtď¸ sď¸Ąov, V. I. Defects of the lower limb bones, 2000:</subfield>
    <subfield code="b">t.p. (V.D. Makushin, MD; prof; head, Scientific and Clinical Laboratory, RTO; Hon. doctor of RF)</subfield>
  </datafield>
  <datafield tag="670" ind1=" " ind2=" ">
    <subfield code="a">OCLC, May 28, 2008</subfield>
    <subfield code="b">(hdg.: Makushin, Vadim Dmitrievich; usage: V.D. Makushin)</subfield>
  </datafield>
</record>